@BOOK{SWT,
		author={Sommerville, Ian},
		title={Software engineering},
		publisher={Hallbergmoos: Pearson},
		year={2018},
		edition={10., aktualisierte Auflage.}
},
@BOOK{UML,
		author={Seidel, Martina},
		title={UML @ Classroom},
		publisher={Springer},
		year={2015}
}